






@article{water_structure,
author = { Gary N.I.   Clark  and  Christopher D.   Cappa  and  Jared D.   Smith  and  Richard J.   Saykally  and  Teresa   Head-Gordon },
title = {The structure of ambient water},
journal = {Molecular Physics},
volume = {108},
number = {11},
pages = {1415-1433},
year  = {2010},
publisher = {Taylor & Francis},
doi = {10.1080/00268971003762134},
URL = {https://doi.org/10.1080/00268971003762134},
eprint = {https://doi.org/10.1080/00268971003762134}
}

@article{xray_scattering,
    author = {Hura, Greg and Sorenson, Jon M. and Glaeser, Robert M. and Head-Gordon, Teresa},
    title = "{A high-quality x-ray scattering experiment on liquid water at ambient conditions}",
    journal = {The Journal of Chemical Physics},
    volume = {113},
    number = {20},
    pages = {9140-9148},
    year = {2000},
    month = {11},
    issn = {0021-9606},
    doi = {10.1063/1.1319614},
    url = {https://doi.org/10.1063/1.1319614},
    eprint = {https://pubs.aip.org/aip/jcp/article-pdf/113/20/9140/10827792/9140\_1\_online.pdf},
}

@article{dielectric,
    author = {Fern√°ndez, D. P. and Mulev, Y. and Goodwin, A. R. H. and Sengers, J. M. H. Levelt},
    title = "{A Database for the Static Dielectric Constant of Water and Steam}",
    journal = {Journal of Physical and Chemical Reference Data},
    volume = {24},
    number = {1},
    pages = {33-70},
    year = {1995},
    month = {01},
    issn = {0047-2689},
    doi = {10.1063/1.555977},
    url = {https://doi.org/10.1063/1.555977},
    eprint = {https://pubs.aip.org/aip/jpr/article-pdf/24/1/33/9766845/33\_1\_online.pdf},
}




@misc{plotdigitizer,
url = {https://plotdigitizer.com},
title = {PlotDigitizer: Version 3.1.5},
year = {2023}
}
